Variant,Sec,Date,Time,Qty,BuySell,TradePrice,execNext, execAvg, execBest, execWorst
10_5_MaxPos_1,LAURUSLABS-EQ,20161219,1482121824,-1,S,48430.0,48430.0,48430.0,48430.0,48430.0
10_5_MaxPos_1,LAURUSLABS-EQ,20161219,1482121961,1,B,47830.0,47830.0,47830.0,47830.0,47830.0
10_5_MaxPos_1,LAURUSLABS-EQ,20161219,1482121962,1,B,47805.0,47805.0,47805.0,47805.0,47805.0
10_5_MaxPos_1,LAURUSLABS-EQ,20161219,1482122003,-1,S,47540.0,47540.0,47540.0,47540.0,47540.0
10_5_MaxPos_1,LAURUSLABS-EQ,20161219,1482122004,-1,S,47500.0,47500.0,47500.0,47500.0,47500.0
10_5_MaxPos_1,LAURUSLABS-EQ,20161219,1482122154,1,B,47650.0,47650.0,47650.0,47650.0,47650.0
10_5_MaxPos_1,LAURUSLABS-EQ,20161219,1482122155,1,B,47650.0,47650.0,47650.0,47650.0,47650.0
10_5_MaxPos_1,LAURUSLABS-EQ,20161219,1482122277,-1,S,47670.0,47670.0,47670.0,47670.0,47670.0
10_5_MaxPos_1,LAURUSLABS-EQ,20161219,1482122278,-1,S,47655.0,47655.0,47655.0,47655.0,47655.0
10_5_MaxPos_1,LAURUSLABS-EQ,20161219,1482122340,1,B,48100.0,48100.0,48100.0,48100.0,48100.0
10_5_MaxPos_1,LAURUSLABS-EQ,20161219,1482122341,1,B,48130.0,48130.0,48130.0,48130.0,48130.0
10_5_MaxPos_1,LAURUSLABS-EQ,20161219,1482122358,-1,S,48135.0,48135.0,48135.0,48135.0,48135.0
10_5_MaxPos_1,LAURUSLABS-EQ,20161219,1482122359,-1,S,48205.0,48205.0,48205.0,48205.0,48205.0
10_5_MaxPos_1,LAURUSLABS-EQ,20161219,1482122436,1,B,48090.0,48090.0,48090.0,48090.0,48090.0
10_5_MaxPos_1,LAURUSLABS-EQ,20161219,1482122437,1,B,48140.0,48140.0,48140.0,48140.0,48140.0
10_5_MaxPos_1,LAURUSLABS-EQ,20161219,1482122461,-1,S,48280.0,48280.0,48280.0,48280.0,48280.0
10_5_MaxPos_1,LAURUSLABS-EQ,20161219,1482122462,-1,S,48275.0,48275.0,48275.0,48275.0,48275.0
10_5_MaxPos_1,LAURUSLABS-EQ,20161219,1482122562,1,B,48620.0,48620.0,48620.0,48620.0,48620.0
10_5_MaxPos_1,LAURUSLABS-EQ,20161219,1482122563,1,B,48590.0,48590.0,48590.0,48590.0,48590.0
10_5_MaxPos_1,LAURUSLABS-EQ,20161219,1482122610,-1,S,48445.0,48445.0,48445.0,48445.0,48445.0
10_5_MaxPos_1,LAURUSLABS-EQ,20161219,1482122611,-1,S,48415.0,48415.0,48415.0,48415.0,48415.0
10_5_MaxPos_1,LAURUSLABS-EQ,20161219,1482122714,1,B,48245.0,48245.0,48245.0,48245.0,48245.0
10_5_MaxPos_1,LAURUSLABS-EQ,20161219,1482122715,1,B,48235.0,48235.0,48235.0,48235.0,48235.0
10_5_MaxPos_1,LAURUSLABS-EQ,20161219,1482122730,-1,S,48175.0,48175.0,48175.0,48175.0,48175.0
10_5_MaxPos_1,LAURUSLABS-EQ,20161219,1482122731,-1,S,48135.0,48135.0,48135.0,48135.0,48135.0
10_5_MaxPos_1,LAURUSLABS-EQ,20161219,1482122779,1,B,48150.0,48150.0,48150.0,48150.0,48150.0
10_5_MaxPos_1,LAURUSLABS-EQ,20161219,1482122780,1,B,48150.0,48150.0,48150.0,48150.0,48150.0
10_5_MaxPos_1,LAURUSLABS-EQ,20161219,1482122796,-1,S,48090.0,48090.0,48090.0,48090.0,48090.0
10_5_MaxPos_1,LAURUSLABS-EQ,20161219,1482122797,-1,S,48100.0,48100.0,48100.0,48100.0,48100.0
10_5_MaxPos_1,LAURUSLABS-EQ,20161219,1482122915,1,B,47610.0,47610.0,47610.0,47610.0,47610.0
10_5_MaxPos_1,LAURUSLABS-EQ,20161219,1482122916,1,B,47650.0,47650.0,47650.0,47650.0,47650.0
10_5_MaxPos_1,LAURUSLABS-EQ,20161219,1482123163,-1,S,47800.0,47800.0,47800.0,47800.0,47800.0
10_5_MaxPos_1,LAURUSLABS-EQ,20161219,1482123164,-1,S,47810.0,47810.0,47810.0,47810.0,47810.0
10_5_MaxPos_1,LAURUSLABS-EQ,20161219,1482123193,1,B,47745.0,47745.0,47745.0,47745.0,47745.0
10_5_MaxPos_1,LAURUSLABS-EQ,20161219,1482123194,1,B,47695.0,47695.0,47695.0,47695.0,47695.0
10_5_MaxPos_1,LAURUSLABS-EQ,20161219,1482123237,-1,S,47650.0,47650.0,47650.0,47650.0,47650.0
10_5_MaxPos_1,LAURUSLABS-EQ,20161219,1482123238,-1,S,47670.0,47670.0,47670.0,47670.0,47670.0
10_5_MaxPos_1,LAURUSLABS-EQ,20161219,1482123250,1,B,47710.0,47710.0,47710.0,47710.0,47710.0
10_5_MaxPos_1,LAURUSLABS-EQ,20161219,1482123251,1,B,47720.0,47720.0,47720.0,47720.0,47720.0
10_5_MaxPos_1,LAURUSLABS-EQ,20161219,1482123274,-1,S,47650.0,47650.0,47650.0,47650.0,47650.0
10_5_MaxPos_1,LAURUSLABS-EQ,20161219,1482123275,-1,S,47665.0,47665.0,47665.0,47665.0,47665.0
10_5_MaxPos_1,LAURUSLABS-EQ,20161219,1482123708,1,B,47765.0,47765.0,47765.0,47765.0,47765.0
10_5_MaxPos_1,LAURUSLABS-EQ,20161219,1482123709,1,B,47760.0,47760.0,47760.0,47760.0,47760.0
10_5_MaxPos_1,LAURUSLABS-EQ,20161219,1482123748,-1,S,47740.0,47740.0,47740.0,47740.0,47740.0
10_5_MaxPos_1,LAURUSLABS-EQ,20161219,1482123749,-1,S,47735.0,47735.0,47735.0,47735.0,47735.0
10_5_MaxPos_1,LAURUSLABS-EQ,20161219,1482123970,1,B,47680.0,47680.0,47680.0,47680.0,47680.0
10_5_MaxPos_1,LAURUSLABS-EQ,20161219,1482123971,1,B,47680.0,47680.0,47680.0,47680.0,47680.0
10_5_MaxPos_1,LAURUSLABS-EQ,20161219,1482124217,-1,S,47670.0,47670.0,47670.0,47670.0,47670.0
10_5_MaxPos_1,LAURUSLABS-EQ,20161219,1482124218,-1,S,47700.0,47700.0,47700.0,47700.0,47700.0
10_5_MaxPos_1,LAURUSLABS-EQ,20161219,1482124284,1,B,47710.0,47710.0,47710.0,47710.0,47710.0
10_5_MaxPos_1,LAURUSLABS-EQ,20161219,1482124285,1,B,47710.0,47710.0,47710.0,47710.0,47710.0
10_5_MaxPos_1,LAURUSLABS-EQ,20161219,1482124327,-1,S,47705.0,47705.0,47705.0,47705.0,47705.0
10_5_MaxPos_1,LAURUSLABS-EQ,20161219,1482124328,-1,S,47705.0,47705.0,47705.0,47705.0,47705.0
10_5_MaxPos_1,LAURUSLABS-EQ,20161219,1482124398,1,B,47900.0,47900.0,47900.0,47900.0,47900.0
10_5_MaxPos_1,LAURUSLABS-EQ,20161219,1482124399,1,B,47865.0,47865.0,47865.0,47865.0,47865.0
10_5_MaxPos_1,LAURUSLABS-EQ,20161219,1482124401,-1,S,47860.0,47860.0,47860.0,47860.0,47860.0
10_5_MaxPos_1,LAURUSLABS-EQ,20161219,1482124402,-1,S,47870.0,47870.0,47870.0,47870.0,47870.0
10_5_MaxPos_1,LAURUSLABS-EQ,20161219,1482124489,1,B,47695.0,47695.0,47695.0,47695.0,47695.0
10_5_MaxPos_1,LAURUSLABS-EQ,20161219,1482124490,1,B,47670.0,47670.0,47670.0,47670.0,47670.0
10_5_MaxPos_1,LAURUSLABS-EQ,20161219,1482124667,-1,S,47825.0,47825.0,47825.0,47825.0,47825.0
10_5_MaxPos_1,LAURUSLABS-EQ,20161219,1482124668,-1,S,47825.0,47825.0,47825.0,47825.0,47825.0
10_5_MaxPos_1,LAURUSLABS-EQ,20161219,1482125032,1,B,47715.0,47715.0,47715.0,47715.0,47715.0
10_5_MaxPos_1,LAURUSLABS-EQ,20161219,1482125033,1,B,47700.0,47700.0,47700.0,47700.0,47700.0
10_5_MaxPos_1,LAURUSLABS-EQ,20161219,1482125835,-1,S,47705.0,47705.0,47705.0,47705.0,47705.0
10_5_MaxPos_1,LAURUSLABS-EQ,20161219,1482125836,-1,S,47715.0,47715.0,47715.0,47715.0,47715.0
10_5_MaxPos_1,LAURUSLABS-EQ,20161219,1482126912,1,B,47680.0,47680.0,47680.0,47680.0,47680.0
10_5_MaxPos_1,LAURUSLABS-EQ,20161219,1482126913,1,B,47675.0,47675.0,47675.0,47675.0,47675.0
10_5_MaxPos_1,LAURUSLABS-EQ,20161219,1482127730,-1,S,47900.0,47900.0,47900.0,47900.0,47900.0
10_5_MaxPos_1,LAURUSLABS-EQ,20161219,1482127731,-1,S,47900.0,47900.0,47900.0,47900.0,47900.0
10_5_MaxPos_1,LAURUSLABS-EQ,20161219,1482127741,1,B,47970.0,47970.0,47970.0,47970.0,47970.0
10_5_MaxPos_1,LAURUSLABS-EQ,20161219,1482127742,1,B,47900.0,47900.0,47900.0,47900.0,47900.0
10_5_MaxPos_1,LAURUSLABS-EQ,20161219,1482127804,-1,S,48020.0,48020.0,48020.0,48020.0,48020.0
10_5_MaxPos_1,LAURUSLABS-EQ,20161219,1482127805,-1,S,48060.0,48060.0,48060.0,48060.0,48060.0
10_5_MaxPos_1,LAURUSLABS-EQ,20161219,1482127817,1,B,48015.0,48015.0,48015.0,48015.0,48015.0
10_5_MaxPos_1,LAURUSLABS-EQ,20161219,1482127818,1,B,48030.0,48030.0,48030.0,48030.0,48030.0
10_5_MaxPos_1,LAURUSLABS-EQ,20161219,1482127849,-1,S,47920.0,47920.0,47920.0,47920.0,47920.0
10_5_MaxPos_1,LAURUSLABS-EQ,20161219,1482127850,-1,S,47920.0,47920.0,47920.0,47920.0,47920.0
10_5_MaxPos_1,LAURUSLABS-EQ,20161219,1482128040,1,B,48130.0,48130.0,48130.0,48130.0,48130.0
10_5_MaxPos_1,LAURUSLABS-EQ,20161219,1482128041,1,B,48105.0,48105.0,48105.0,48105.0,48105.0
10_5_MaxPos_1,LAURUSLABS-EQ,20161219,1482128063,-1,S,48050.0,48050.0,48050.0,48050.0,48050.0
10_5_MaxPos_1,LAURUSLABS-EQ,20161219,1482128064,-1,S,48050.0,48050.0,48050.0,48050.0,48050.0
10_5_MaxPos_1,LAURUSLABS-EQ,20161219,1482128075,1,B,48080.0,48080.0,48080.0,48080.0,48080.0
10_5_MaxPos_1,LAURUSLABS-EQ,20161219,1482128076,1,B,48065.0,48065.0,48065.0,48065.0,48065.0
10_5_MaxPos_1,LAURUSLABS-EQ,20161219,1482128114,-1,S,47990.0,47990.0,47990.0,47990.0,47990.0
10_5_MaxPos_1,LAURUSLABS-EQ,20161219,1482128115,-1,S,47985.0,47985.0,47985.0,47985.0,47985.0
10_5_MaxPos_1,LAURUSLABS-EQ,20161219,1482128218,1,B,47960.0,47960.0,47960.0,47960.0,47960.0
10_5_MaxPos_1,LAURUSLABS-EQ,20161219,1482128220,1,B,47960.0,47960.0,47960.0,47960.0,47960.0
10_5_MaxPos_1,LAURUSLABS-EQ,20161219,1482128236,-1,S,47925.0,47925.0,47925.0,47925.0,47925.0
10_5_MaxPos_1,LAURUSLABS-EQ,20161219,1482128237,-1,S,47940.0,47940.0,47940.0,47940.0,47940.0
10_5_MaxPos_1,LAURUSLABS-EQ,20161219,1482128408,1,B,48035.0,48035.0,48035.0,48035.0,48035.0
10_5_MaxPos_1,LAURUSLABS-EQ,20161219,1482128409,1,B,48045.0,48045.0,48045.0,48045.0,48045.0
10_5_MaxPos_1,LAURUSLABS-EQ,20161219,1482128453,-1,S,48105.0,48105.0,48105.0,48105.0,48105.0
10_5_MaxPos_1,LAURUSLABS-EQ,20161219,1482128454,-1,S,48125.0,48125.0,48125.0,48125.0,48125.0
10_5_MaxPos_1,LAURUSLABS-EQ,20161219,1482128793,1,B,48150.0,48150.0,48150.0,48150.0,48150.0
10_5_MaxPos_1,LAURUSLABS-EQ,20161219,1482128794,1,B,48130.0,48130.0,48130.0,48130.0,48130.0
10_5_MaxPos_1,LAURUSLABS-EQ,20161219,1482128806,-1,S,48100.0,48100.0,48100.0,48100.0,48100.0
10_5_MaxPos_1,LAURUSLABS-EQ,20161219,1482128807,-1,S,48130.0,48130.0,48130.0,48130.0,48130.0
10_5_MaxPos_1,LAURUSLABS-EQ,20161219,1482129249,1,B,48110.0,48110.0,48110.0,48110.0,48110.0
10_5_MaxPos_1,LAURUSLABS-EQ,20161219,1482129250,1,B,48110.0,48110.0,48110.0,48110.0,48110.0
10_5_MaxPos_1,LAURUSLABS-EQ,20161219,1482129384,-1,S,48420.0,48420.0,48420.0,48420.0,48420.0
10_5_MaxPos_1,LAURUSLABS-EQ,20161219,1482129385,-1,S,48430.0,48430.0,48430.0,48430.0,48430.0
10_5_MaxPos_1,LAURUSLABS-EQ,20161219,1482129694,1,B,48065.0,48065.0,48065.0,48065.0,48065.0
10_5_MaxPos_1,LAURUSLABS-EQ,20161219,1482129695,1,B,48065.0,48065.0,48065.0,48065.0,48065.0
10_5_MaxPos_1,LAURUSLABS-EQ,20161219,1482129702,-1,S,48020.0,48020.0,48020.0,48020.0,48020.0
10_5_MaxPos_1,LAURUSLABS-EQ,20161219,1482129703,-1,S,48030.0,48030.0,48030.0,48030.0,48030.0
10_5_MaxPos_1,LAURUSLABS-EQ,20161219,1482130522,1,B,48045.0,48045.0,48045.0,48045.0,48045.0
10_5_MaxPos_1,LAURUSLABS-EQ,20161219,1482130523,1,B,48045.0,48045.0,48045.0,48045.0,48045.0
10_5_MaxPos_1,LAURUSLABS-EQ,20161219,1482131100,-1,S,48060.0,48060.0,48060.0,48060.0,48060.0
10_5_MaxPos_1,LAURUSLABS-EQ,20161219,1482131101,-1,S,48060.0,48060.0,48060.0,48060.0,48060.0
10_5_MaxPos_1,LAURUSLABS-EQ,20161219,1482131270,1,B,48020.0,48020.0,48020.0,48020.0,48020.0
10_5_MaxPos_1,LAURUSLABS-EQ,20161219,1482131271,1,B,48010.0,48010.0,48010.0,48010.0,48010.0
10_5_MaxPos_1,LAURUSLABS-EQ,20161219,1482133103,-1,S,48425.0,48425.0,48425.0,48425.0,48425.0
10_5_MaxPos_1,LAURUSLABS-EQ,20161219,1482133105,-1,S,48430.0,48430.0,48430.0,48430.0,48430.0
10_5_MaxPos_1,LAURUSLABS-EQ,20161219,1482133765,1,B,48225.0,48225.0,48225.0,48225.0,48225.0
10_5_MaxPos_1,LAURUSLABS-EQ,20161219,1482133766,1,B,48225.0,48225.0,48225.0,48225.0,48225.0
10_5_MaxPos_1,LAURUSLABS-EQ,20161219,1482134525,-1,S,48070.0,48070.0,48070.0,48070.0,48070.0
10_5_MaxPos_1,LAURUSLABS-EQ,20161219,1482134526,-1,S,48095.0,48095.0,48095.0,48095.0,48095.0
10_5_MaxPos_1,LAURUSLABS-EQ,20161219,1482134564,1,B,48080.0,48080.0,48080.0,48080.0,48080.0
10_5_MaxPos_1,LAURUSLABS-EQ,20161219,1482134565,1,B,48055.0,48055.0,48055.0,48055.0,48055.0
10_5_MaxPos_1,LAURUSLABS-EQ,20161219,1482135550,-1,S,48190.0,48190.0,48190.0,48190.0,48190.0
10_5_MaxPos_1,LAURUSLABS-EQ,20161219,1482135551,-1,S,48220.0,48220.0,48220.0,48220.0,48220.0
10_5_MaxPos_1,LAURUSLABS-EQ,20161219,1482135872,1,B,48020.0,48020.0,48020.0,48020.0,48020.0
10_5_MaxPos_1,LAURUSLABS-EQ,20161219,1482135873,1,B,48030.0,48030.0,48030.0,48030.0,48030.0
10_5_MaxPos_1,LAURUSLABS-EQ,20161219,1482136309,-1,S,48105.0,48105.0,48105.0,48105.0,48105.0
10_5_MaxPos_1,LAURUSLABS-EQ,20161219,1482136310,-1,S,48115.0,48115.0,48115.0,48115.0,48115.0
10_5_MaxPos_1,LAURUSLABS-EQ,20161219,1482136457,1,B,48145.0,48145.0,48145.0,48145.0,48145.0
10_5_MaxPos_1,LAURUSLABS-EQ,20161219,1482136458,1,B,48145.0,48145.0,48145.0,48145.0,48145.0
10_5_MaxPos_1,LAURUSLABS-EQ,20161219,1482136920,-1,S,48075.0,48075.0,48075.0,48075.0,48075.0
10_5_MaxPos_1,LAURUSLABS-EQ,20161219,1482136921,-1,S,48100.0,48100.0,48100.0,48100.0,48100.0
10_5_MaxPos_1,LAURUSLABS-EQ,20161219,1482137048,1,B,48140.0,48140.0,48140.0,48140.0,48140.0
10_5_MaxPos_1,LAURUSLABS-EQ,20161219,1482137049,1,B,48140.0,48140.0,48140.0,48140.0,48140.0
10_5_MaxPos_1,LAURUSLABS-EQ,20161219,1482137676,-1,S,48035.0,48035.0,48035.0,48035.0,48035.0
10_5_MaxPos_1,LAURUSLABS-EQ,20161219,1482137677,-1,S,48055.0,48055.0,48055.0,48055.0,48055.0
10_5_MaxPos_1,LAURUSLABS-EQ,20161219,1482137820,1,B,48075.0,48075.0,48075.0,48075.0,48075.0
10_5_MaxPos_1,LAURUSLABS-EQ,20161219,1482137821,1,B,48080.0,48080.0,48080.0,48080.0,48080.0
10_5_MaxPos_1,LAURUSLABS-EQ,20161219,1482138891,-1,S,48020.0,48020.0,48020.0,48020.0,48020.0
10_5_MaxPos_1,LAURUSLABS-EQ,20161219,1482138892,-1,S,48030.0,48030.0,48030.0,48030.0,48030.0
10_5_MaxPos_1,LAURUSLABS-EQ,20161219,1482139029,1,B,48055.0,48055.0,48055.0,48055.0,48055.0
10_5_MaxPos_1,LAURUSLABS-EQ,20161219,1482139030,1,B,48055.0,48055.0,48055.0,48055.0,48055.0
10_5_MaxPos_1,LAURUSLABS-EQ,20161219,1482139113,-1,S,47925.0,47925.0,47925.0,47925.0,47925.0
10_5_MaxPos_1,LAURUSLABS-EQ,20161219,1482139114,-1,S,47985.0,47985.0,47985.0,47985.0,47985.0
10_5_MaxPos_1,LAURUSLABS-EQ,20161219,1482141039,1,B,48090.0,48090.0,48090.0,48090.0,48090.0
10_5_MaxPos_1,LAURUSLABS-EQ,20161219,1482141040,1,B,48085.0,48085.0,48085.0,48085.0,48085.0
10_5_MaxPos_1,LAURUSLABS-EQ,20161219,1482141101,-1,S,48270.0,48270.0,48270.0,48270.0,48270.0
10_5_MaxPos_1,LAURUSLABS-EQ,20161219,1482141102,-1,S,48280.0,48280.0,48280.0,48280.0,48280.0
10_5_MaxPos_1,LAURUSLABS-EQ,20161219,1482141188,1,B,48220.0,48220.0,48220.0,48220.0,48220.0
10_5_MaxPos_1,LAURUSLABS-EQ,20161219,1482141189,1,B,48220.0,48220.0,48220.0,48220.0,48220.0
10_5_MaxPos_1,LAURUSLABS-EQ,20161219,1482141202,-1,S,48155.0,48155.0,48155.0,48155.0,48155.0
10_5_MaxPos_1,LAURUSLABS-EQ,20161219,1482141203,-1,S,48150.0,48150.0,48150.0,48150.0,48150.0
10_5_MaxPos_1,LAURUSLABS-EQ,20161219,1482141314,1,B,48075.0,48075.0,48075.0,48075.0,48075.0
10_5_MaxPos_1,LAURUSLABS-EQ,20161219,1482141315,1,B,48075.0,48075.0,48075.0,48075.0,48075.0
10_5_MaxPos_1,LAURUSLABS-EQ,20161219,1482141397,-1,S,48010.0,48010.0,48010.0,48010.0,48010.0
10_5_MaxPos_1,LAURUSLABS-EQ,20161219,1482141398,-1,S,48010.0,48010.0,48010.0,48010.0,48010.0
10_5_MaxPos_1,LAURUSLABS-EQ,20161219,1482141553,1,B,48010.0,48010.0,48010.0,48010.0,48010.0
10_5_MaxPos_1,LAURUSLABS-EQ,20161219,1482141554,1,B,48010.0,48010.0,48010.0,48010.0,48010.0
10_5_MaxPos_1,LAURUSLABS-EQ,20161219,1482142569,-1,S,48040.0,48040.0,48040.0,48040.0,48040.0
